@inproceedings{vorontsov/artm_book,
    author = {Воронцов К.В.},
    title = {Вероятностное тематическое моделирование:
                теория, модели и проект BigARTM},
    year = 2020,
}

@inproceedings{vorontsov/blog_search,
  title={Multimodal topic modeling for exploratory search in collective blog},
  author={Ianina, AO and Vorontsov, KV},
  booktitle={Proc. 11th Int. Conf. on Intelligent Data Processing: Theory and Applications},
  pages={186--187},
  year={2016}
}

@article{rubin2012statistical,
  title={Statistical topic models for multi-label document classification},
  author={Rubin, Timothy N and Chambers, America and Smyth, Padhraic and Steyvers, Mark},
  journal={Machine learning},
  volume={88},
  number={1-2},
  pages={157--208},
  year={2012},
  publisher={Springer}
}

@article{vorontsov/transactions,
  title={Применение мультимодальных тематических моделей к анализу транзакционных данных банков},
  author={Никитин Ф. А., Воронцов К. В.,  Матвеев И. А.}
}

@article{vorontsov/hierarchical,
  title={Иерархическая мультимодальная тематическая модель
коллекции научно-популярных текстов},
  author={Ефимова И. В., Воронцов К. В.}
}

@article{artm_summarization,
  title={Создание системы автоматического реферирования научных текстов},
  author={Бакиева А. М/},
  journal={Вестник Новосибирского государственного университета. Серия: Информационные технологии},
  volume={16},
  number={3},
  year={2018}
}

@inproceedings{tm_recomedation,
  title={Collaborative topic modeling for recommending scientific articles},
  author={Wang, Chong and Blei, David M},
  booktitle={Proceedings of the 17th ACM SIGKDD international conference on Knowledge discovery and data mining},
  pages={448--456},
  year={2011}
}

@inproceedings{ranktopic,
  title={Ranktopic: Ranking based topic modeling},
  author={Duan, Dongsheng and Li, Yuhua and Li, Ruixuan and Zhang, Rui and Wen, Aiming},
  booktitle={2012 IEEE 12th International Conference on Data Mining},
  pages={211--220},
  year={2012},
  organization={IEEE}
}